% !TEX encoding = UTF-8 Unicode




@misc{bitmex,
	Author = {Bitmex},
	Howpublished = {\url{https://blog.bitmex.com/a-brief-history-of-stablecoins-part-1/}},
	Title = {A brief history of Stablecoins (Part 1)},
	Note = {Accessed: 2018-09-02},
	Year = {2018}}

@misc{techrev,
	Author = {Mike Orcutt},
	Howpublished = {\url{https://www.technologyreview.com/s/611370/stablecoins-are-trending-but-they-may-ignore-basic-economics/}},
	Title = {"Stablecoins" are trending, but they may ignore basic economics},
	Note = {Accessed: 2018-07-06},
	Year = {2018}}

@misc{cryptoinsider,
	Author = {Conor O'Higgins},
	Howpublished = {\url{https://cryptoinsider.21mil.com/stablecoins-everything-need-know/}},
	Title = {Stablecoins - everything you need to know},
	Note = {Accessed: 2018-07-09},
	Year = {2018}}

@misc{cointelegraph,
	Author = {Marie Huillet},
	Howpublished = {\url{ https://cointelegraph.com/news/ibm-backs-new-us-dollar-pegged-stablecoin-that-runs-on-stellar-network}},
	Title = {IBM Backs New US Dollar-Pegged Stablecoin That Runs on Stellar Network},
	Note = {Accessed: 2018-07-17},
	Year = {2018}}

@misc{forbes,
	Author = {Sherman Lee},
	Howpublished = {\url{ https://www.forbes.com/sites/shermanlee/2018/03/12/explaining-stable-coins-the-holy-grail-of-crytpocurrency/#6050d80e4fc6}},
	Title = {Explaining Stable Coins, The Holy Grail Of Cryptocurrency},
	Note = {Accessed: 2018-07-06},
	Year = {2018}}

@misc{medium,
	Author = {Liquidity Network},
	Howpublished = {\url{ https://medium.com/@liquidity.network/stablecoin-payments-with-liquidity-network-d7e7aa8e1533}},
	Title = {Stablecoin Payments with Liquidity.Network},
	Note = {Accessed: 2018-07-06},
	Year = {2018}}

@misc{instability,
	Author = {Bob McElrath},
	Howpublished = {\url{ https://medium.com/@bob.mcelrath/on-the-in-stability-of-stablecoins-517b7d17c3ee}},
	Title = {On The (in)Stability of Stablecoins},
	Note = {Accessed: 2018-09-03},
	Year = {2018}}

@misc{hackernoon,
	Author = {Haseeb Qureshi},
	Howpublished = {\url{ https://hackernoon.com/stablecoins-designing-a-price-stable-cryptocurrency-6bf24e2689e5}},
	Title = {Stablecoins: designing a price-stable cryptocurrency},
	Note = {Accessed: 2018-09-03},
	Year = {2018}}


@article{gemini,
	title={The Gemini Dollar: A Regulated Stable Value Coin},
	author={Gemini Trust Company, LLC},
	year={2018}
}

@misc{geminiCoindesk,
	Author ={ Nikhilesh De},
	Howpublished = {\url{ https://www.coindesk.com/gemini-launches-nydfs-regulated-crypto-pegged-to-the-dollar/}},
	Title = {Gemini Launches NYDFS-Regulated Crypto Pegged to the Dollar},
	Note = {Accessed: 2018-09-10},
	Year = {2018}}


@misc{paxosCoindesk,
	Author = {Nikhilesh De},
	Howpublished = {\url{ https://www.coindesk.com/paxos-unveils-dollar-backed-stablecoin-approved-by-new-york-regulator/}},
	Title = {Paxos Unveils Dollar-Backed Stablecoin Approved by New York Regulator},
	Note = {Accessed: 2018-09-10},
	Year = {2018}}

@article{okoyetoward,
  title={Toward Cryptocurrency Lending},
  author={Okoye, Mildred Chidinma and Clark, Jeremy}
}

@article{sams2015note,
	title={A Note on Cryptocurrency Stabilisation: Seigniorage Shares},
	author={Sams, Robert},
	journal={Brave New Coin},
	pages={1--8},
	year={2015}
}

@misc{comprehensiveOverview,
	Author = {CP Processor TEAM},
	Howpublished = {\url{ https://medium.com/cp-processor/comprehensive-overview-of-stablecoins-819d183f6ac7}},
	Title = {Comprehensive overview of STABLECOINS},
	Note = {Accessed: 2018-01-15},
	Year = {2018}}

@misc{overview,
	Author = {Christopher Durr},
	Howpublished = {\url{ https://hackernoon.com/overview-of-stablecoins-2e4ffef82a73}},
	Title = {Overview of Stablecoins},
	Note = {Accessed: 2018-01-15},
	Year = {2018}}	


@incollection{smithin2002money,
  title={What is money? Introduction},
  author={Smithin, John},
  booktitle={What is Money?},
  pages={11--25},
  year={2002},
  publisher={Routledge}
}

@misc{linkedin,
	Author = {Sunny Dhillon},
	Howpublished = {\url{ https://www.linkedin.com/pulse/stablecoins-vs-govtcoins-race-solve-cryptocurrencies-price-dhillon}},
	Title = {Stablecoins vs. Govtcoins: The Race to Solve Cryptocurrencies Price Volatility Problems},
	Note = {Accessed: 2018-10-29},
	Year = {2018}}	

@article{barrdear2016macroeconomics,
  title={The macroeconomics of central bank issued digital currencies},
  author={Barrdear, John and Kumhof, Michael},
  year={2016}
}

@article{report,
	title={The state of stablecoins},
	author={Blockchain},
	year={2018}
}

@misc{euromoney,
	Author = {Peter Lee},
	Howpublished = {\url{ https://www.euromoney.com/article/b1bbk5rb8gp227/forget-bitcoin-stablecoins-will-change-how-money-works?copyrightInfo=true}},
	Title = {Forget bitcoin: stablecoins will change how money works},
	Note = {Accessed: 2018-10-29},
	Year = {2018}}	

@misc{coinsexplained,
	Author = {Lukas Schor},
	Howpublished = {\url{ https://medium.com/@argongroup/stablecoins-explained-206466da5e61}},
	Title = {Stablecoins Explained},
	Note = {Accessed: 2018-10-29},
	Year = {2018}}
	
@misc{nakamoto2008bitcoin,
	Author = {Nakamoto, Satoshi},
	Title = {Bitcoin: A peer-to-peer electronic cash system},
	Year = {2008}}

@misc{swan,
	Author = {},
	Title = {Black Swan},
	Howpublished = {\url{ https://www.investopedia.com/terms/b/blackswan.asp	}},
    Year = {2008}}
    
@book{harris2003trading,
  title={Trading and exchanges: Market microstructure for practitioners},
  author={Harris, Larry},
  pages={410--419},
  year={2003},
  publisher={Oxford University Press, USA}
  
}

@book {FHayek,
  title={The Denationalization of Money},
  author={Friedrich Hayek},
  pages={},
  year={1978},
  publisher={Institute of Economic Affairs}
}

@article{ametrano2016hayek,
  title={Hayek money: The cryptocurrency price stability solution},
  author={Ametrano, Ferdinando M},
  year={2016}
}

@misc{TheSearc7:online,
author = {Vitalik Buterin},
title = {The Search for a Stable Cryptocurrency},
howpublished = {\url{https://blog.ethereum.org/2014/11/11/search-stable-cryptocurrency/}},
month = {November4},
year = {2014},
note = {(Accessed on 02/11/2019)}
}

@misc{StateofS96:online,
author = {Nathan Sexer},
title = {State of Stablecoins, 2018 â€“ ConsenSys Media},
howpublished = {\url{https://media.consensys.net/the-state-of-stablecoins-2018-79ccb9988e63}},
month = {July24},
year = {2018},
note = {(Accessed on 02/12/2019)}
}

@misc{ltblackg50:online,
author = {Bryan Routledge, Ariel Zetlin-Jones},
title = {ltblackgray0.1@let@token Currency Stability Using Blockchain Technology},
howpublished = {\url{http://www.andrew.cmu.edu/user/azj/research/rzj_slides201808.pdf}},
month = {August10},
year = {2018},
note = {(Accessed on 02/12/2019)}
}

@article{sams2015note,
  title={A Note on Cryptocurrency Stabilisation: Seigniorage Shares},
  author={Sams, Robert},
  journal={Brave New Coin},
  pages={1--8},
  year={2015}
}

@article{anderson2019bitcoin,
  title={Bitcoin redux},
  author={Anderson, Ross John and Shumailov, Ilia and Ahmed, Mansoor and Rietmann, Alessandro},
  year={2019}
}



