%% This BibTeX bibliography file was created using BibDesk.
%% https://bibdesk.sourceforge.io/

%% Created for Jeremy Clark at 2020-01-19 14:02:12 -0500 


%% Saved with string encoding Unicode (UTF-8) 



@book{narayanan2016bitcoin,
	Author = {Narayanan, Arvind and Bonneau, Joseph and Felten, Edward and Miller, Andrew and Goldfeder, Steven},
	Publisher = {Princeton University Press},
	Title = {Bitcoin and cryptocurrency technologies: a comprehensive introduction},
	Year = {2016}}

@misc{bitmex,
	Month = {Aug},
	Note = {[Online; accessed 21. Aug. 2019]},
	Title = {{A brief history of Stablecoins (Part 1) {\textendash} BitMEX Blog}},
	Url = {https://blog.bitmex.com/a-brief-history-of-stablecoins-part-1},
	Year = {2019},
	Bdsk-Url-1 = {https://blog.bitmex.com/a-brief-history-of-stablecoins-part-1}}

@article{Orcutt2018Jun,
	Author = {Orcutt, Mike},
	Journal = {MIT Technology Review},
	Month = {Jun},
	Publisher = {MIT Technology Review},
	Title = {{{\textquotedblleft}Stablecoins{\textquotedblright} are trending, but they may ignore basic economics}},
	Url = {https://www.technologyreview.com/s/611370/stablecoins-are-trending-but-they-may-ignore-basic-economics},
	Year = {2018},
	Bdsk-Url-1 = {https://www.technologyreview.com/s/611370/stablecoins-are-trending-but-they-may-ignore-basic-economics}}

@misc{cryptoinsider,
	Author = {Conor O'Higgins},
	Howpublished = {\url{https://cryptoinsider.21mil.com/stablecoins-everything-need-know/}},
	Note = {Accessed: 2018-07-09},
	Title = {Stablecoins - everything you need to know},
	Year = {2018}}

@article{Huillet2018Jul,
	Author = {Huillet, Marie},
	Journal = {Cointelegraph},
	Month = {Jul},
	Publisher = {Cointelegraph},
	Title = {{IBM Backs New US Dollar-Pegged Stablecoin That Runs on Stellar Network}},
	Url = {https://cointelegraph.com/news/ibm-backs-new-us-dollar-pegged-stablecoin-that-runs-on-stellar-network},
	Year = {2018},
	Bdsk-Url-1 = {https://cointelegraph.com/news/ibm-backs-new-us-dollar-pegged-stablecoin-that-runs-on-stellar-network}}

@article{Lee2018Mar,
	Author = {Lee, Sherman},
	Journal = {Forbes},
	Month = {Mar},
	Publisher = {Forbes},
	Title = {{Explaining Stable Coins, The Holy Grail Of Cryptocurrency}},
	Url = {https://www.forbes.com/sites/shermanlee/2018/03/12/explaining-stable-coins-the-holy-grail-of-crytpocurrency/#445da3114fc6},
	Year = {2018},
	Bdsk-Url-1 = {https://www.forbes.com/sites/shermanlee/2018/03/12/explaining-stable-coins-the-holy-grail-of-crytpocurrency/#445da3114fc6}}

@misc{medium,
	Author = {Liquidity Network},
	Howpublished = {\url{ https://medium.com/@liquidity.network/stablecoin-payments-with-liquidity-network-d7e7aa8e1533}},
	Note = {Accessed: 2018-07-06},
	Title = {Stablecoin Payments with Liquidity.Network},
	Year = {2018}}

@article{McElrath2018Sep,
	Author = {McElrath, Bob},
	Journal = {Medium},
	Month = {Sep},
	Publisher = {Medium},
	Title = {{On The (in)Stability of Stablecoins}},
	Url = {https://medium.com/@bob.mcelrath/on-the-in-stability-of-stablecoins-517b7d17c3ee},
	Year = {2018},
	Bdsk-Url-1 = {https://medium.com/@bob.mcelrath/on-the-in-stability-of-stablecoins-517b7d17c3ee}}

@misc{BibEntry2019Aug,
	Month = {Aug},
	Note = {[Online; accessed 21. Aug. 2019]},
	Title = {{Stablecoins: designing a price-stable cryptocurrency}},
	Url = {https://hackernoon.com/stablecoins-designing-a-price-stable-cryptocurrency-6bf24e2689e5},
	Year = {2019},
	Bdsk-Url-1 = {https://hackernoon.com/stablecoins-designing-a-price-stable-cryptocurrency-6bf24e2689e5}}

@article{gemini,
	Author = {Gemini Trust Company, LLC},
	Title = {The Gemini Dollar: A Regulated Stable Value Coin},
	Year = {2018}}

@article{De2018Sep,
	Author = {De, Nikhilesh},
	Journal = {CoinDesk},
	Month = {Sep},
	Publisher = {CoinDesk},
	Title = {{Gemini Launches NYDFS-Regulated Crypto Pegged to the Dollar}},
	Url = {https://www.coindesk.com/gemini-launches-nydfs-regulated-crypto-pegged-to-the-dollar},
	Year = {2018},
	Bdsk-Url-1 = {https://www.coindesk.com/gemini-launches-nydfs-regulated-crypto-pegged-to-the-dollar}}

@inproceedings{okoye2018toward,
	Author = {Okoye, Mildred Chidinma and Clark, Jeremy},
	Booktitle = {International Conference on Financial Cryptography and Data Security},
	Organization = {Springer},
	Pages = {367--380},
	Title = {Toward Cryptocurrency Lending},
	Year = {2018}}

@article{De2018Sep,
	Author = {De, Nikhilesh},
	Journal = {CoinDesk},
	Month = {Sep},
	Publisher = {CoinDesk},
	Title = {{Paxos Unveils Dollar-Backed Stablecoin Approved by New York Regulator}},
	Url = {https://www.coindesk.com/paxos-unveils-dollar-backed-stablecoin-approved-by-new-york-regulator},
	Year = {2018},
	Bdsk-Url-1 = {https://www.coindesk.com/paxos-unveils-dollar-backed-stablecoin-approved-by-new-york-regulator}}

@article{sams2015note,
	Author = {Sams, Robert},
	Journal = {BraveNewCoin. com. Retrieved on April},
	Pages = {2015},
	Title = {A Note on Cryptocurrency Stabilisation: Seigniorage Shares},
	Volume = {28},
	Year = {2015}}

@article{Team2018Oct,
	Author = {Team, Cp Processor},
	Issn = {8191-8367},
	Journal = {Medium},
	Month = {Oct},
	Publisher = {CP{$\_$}PROCESSOR},
	Title = {{Comprehensive overview of STABLECOINS}},
	Url = {https://medium.com/cp-processor/comprehensive-overview-of-stablecoins-819d183f6ac7},
	Year = {2018},
	Bdsk-Url-1 = {https://medium.com/cp-processor/comprehensive-overview-of-stablecoins-819d183f6ac7}}

@misc{BibEntry2019Aug,
	Month = {Aug},
	Note = {[Online; accessed 21. Aug. 2019]},
	Title = {{Overview of Stablecoins}},
	Url = {https://hackernoon.com/overview-of-stablecoins-2e4ffef82a73},
	Year = {2019},
	Bdsk-Url-1 = {https://hackernoon.com/overview-of-stablecoins-2e4ffef82a73}}

@incollection{smithin2002money,
	Author = {Smithin, John},
	Booktitle = {What is Money?},
	Pages = {11--25},
	Publisher = {Routledge},
	Title = {What is money? Introduction},
	Year = {2002}}

@misc{BibEntry2019Aug1,
	Month = {Aug},
	Note = {[Online; accessed 21. Aug. 2019]},
	Title = {{Stablecoins vs. Govtcoins: The Race to Solve Cryptocurrencies{'} Price Volatility Problems}},
	Url = {https://www.linkedin.com/pulse/stablecoins-vs-govtcoins-race-solve-cryptocurrencies-price-dhillon},
	Year = {2019},
	Bdsk-Url-1 = {https://www.linkedin.com/pulse/stablecoins-vs-govtcoins-race-solve-cryptocurrencies-price-dhillon}}

@article{barrdear2016macroeconomics,
	Author = {Barrdear, John and Kumhof, Michael},
	Publisher = {Bank of England working paper},
	Title = {The macroeconomics of central bank issued digital currencies},
	Year = {2016}}

@misc{blockchain2018state,
	Author = {Blockchain Luxembourg, SA},
	Title = {The State of Stablecoins},
	Year = {2018}}

@article{Team2019Feb,
	Author = {Team, Blockchain},
	Journal = {Blockchain Blog},
	Month = {Feb},
	Publisher = {Blockchain Blog},
	Title = {{Introducing: 2019 State of Stablecoins Report}},
	Url = {https://blog.blockchain.com/2019/02/20/introducing-2019-stablecoins},
	Year = {2019},
	Bdsk-Url-1 = {https://blog.blockchain.com/2019/02/20/introducing-2019-stablecoins}}

@misc{BibEntry2019Aug,
	Journal = {Euromoney},
	Month = {Aug},
	Note = {[Online; accessed 21. Aug. 2019]},
	Title = {{Forget bitcoin: stablecoins will change how money works}},
	Url = {https://www.euromoney.com/article/b1bbk5rb8gp227/forget-bitcoin-stablecoins-will-change-how-money-works?copyrightInfo=true},
	Year = {2019},
	Bdsk-Url-1 = {https://www.euromoney.com/article/b1bbk5rb8gp227/forget-bitcoin-stablecoins-will-change-how-money-works?copyrightInfo=true}}

@article{Schor2019May,
	Author = {Schor, Lukas},
	Journal = {Medium},
	Month = {May},
	Publisher = {Medium},
	Title = {{Stablecoins Explained}},
	Url = {https://medium.com/@schor/stablecoins-explained-206466da5e61},
	Year = {2019},
	Bdsk-Url-1 = {https://medium.com/@schor/stablecoins-explained-206466da5e61}}

@article{nakamoto2008bitcoin,
	Author = {Nakamoto, Satoshi and others},
	Publisher = {Working Paper},
	Title = {Bitcoin: A peer-to-peer electronic cash system},
	Year = {2008}}

@misc{BibEntry2019Aug,
	Journal = {Investopedia},
	Month = {Aug},
	Note = {[Online; accessed 21. Aug. 2019]},
	Title = {{Black Swan Definition}},
	Url = {https://www.investopedia.com/terms/b/blackswan.asp},
	Year = {2019},
	Bdsk-Url-1 = {https://www.investopedia.com/terms/b/blackswan.asp}}

@book{harris2003trading,
	Author = {Harris, Larry},
	Pages = {410--419},
	Publisher = {Oxford University Press, USA},
	Title = {Trading and exchanges: Market microstructure for practitioners},
	Year = {2003}}

@book{FHayek,
	Author = {Friedrich Hayek},
	Publisher = {Institute of Economic Affairs},
	Title = {The Denationalization of Money},
	Year = {1978}}

@article{ametrano2016hayek,
	Author = {Ametrano, Ferdinando M},
	Journal = {Available at SSRN 2425270},
	Title = {Hayek money: The cryptocurrency price stability solution},
	Year = {2016}}

@misc{EthereumFoundation2019Aug,
	Author = {{Ethereum Foundation}},
	Month = {Aug},
	Note = {[Online; accessed 21. Aug. 2019]},
	Title = {{The Search for a Stable Cryptocurrency}},
	Url = {https://blog.ethereum.org/2014/11/11/search-stable-cryptocurrency},
	Year = {2019},
	Bdsk-Url-1 = {https://blog.ethereum.org/2014/11/11/search-stable-cryptocurrency}}

@article{Sexer2019Aug,
	Author = {Sexer, Nathan},
	Issn = {7999-8863},
	Journal = {Medium},
	Month = {Aug},
	Publisher = {ConsenSys Media},
	Title = {{State of Stablecoins, 2018}},
	Url = {https://media.consensys.net/the-state-of-stablecoins-2018-79ccb9988e63},
	Year = {2019},
	Bdsk-Url-1 = {https://media.consensys.net/the-state-of-stablecoins-2018-79ccb9988e63}}

@misc{ltblackg50:online,
	Author = {Bryan Routledge, Ariel Zetlin-Jones},
	Howpublished = {\url{http://www.andrew.cmu.edu/user/azj/research/rzj_slides201808.pdf}},
	Month = {August10},
	Note = {(Accessed on 02/12/2019)},
	Title = {ltblackgray0.1@let@token Currency Stability Using Blockchain Technology},
	Year = {2018}}

@article{anderson2019bitcoin,
	Author = {Anderson, Ross John and Shumailov, Ilia and Ahmed, Mansoor and Rietmann, Alessandro},
	Title = {Bitcoin redux},
	Year = {2019}}

@inproceedings{Eskandari2019SoKTD,
	Author = {Shayan Eskandari and Seyedehmahsa Moosavi and Jeremy Clark},
	Booktitle = {International Conference on Financial Cryptography and Data Security},
	Organization = {Springer},
	Title = {SoK: Transparent Dishonesty: front-running attacks on Blockchain},
	Year = {2019}}

@book{rogoff2017curse,
	Author = {Rogoff, Kenneth S},
	Publisher = {Princeton University Press},
	Title = {The Curse of Cash: How Large-Denomination Bills Aid Crime and Tax Evasion and Constrain Monetary Policy},
	Year = {2017}}

@misc{geminido29:online,
	Howpublished = {\url{https://gemini.com/wp-content/themes/gemini/assets/img/dollar/gemini-dollar-trailofbits-audit.pdf}},
	Note = {(Accessed on 02/23/2019)},
	Title = {gemini-dollar-trailofbits-audit.pdf}}

@article{wood2014ethereum,
	Author = {Wood, Gavin},
	Journal = {Internet: https://github. com/ethereum/yellowpaper,[Oct. 30, 2018]},
	Title = {Ethereum yellow paper},
	Year = {2014}}

@inproceedings{danezis2015centrally,
	Author = {Danezis, George and Meiklejohn, Sarah},
	Booktitle = {NDSS},
	Date-Modified = {2020-01-19 14:00:32 -0500},
	Title = {Centrally banked cryptocurrencies},
	Year = {2016}}

@inproceedings{carlsten2016instability,
	Author = {Carlsten, Miles and Kalodner, Harry and Weinberg, S Matthew and Narayanan, Arvind},
	Booktitle = {ACM CCS},
	Date-Modified = {2020-01-19 14:01:25 -0500},
	Organization = {ACM},
	Pages = {154--167},
	Title = {On the instability of bitcoin without the block reward},
	Year = {2016}}

@article{griffin2018bitcoin,
	Author = {Griffin, John M and Shams, Amin},
	Journal = {Available at SSRN 3195066},
	Title = {Is bitcoin really un-tethered?},
	Year = {2018}}
